@book{2006linux,
  title={Linux 操作系统原理与应用},
  author={陈莉君 and 康华},
  year={2006},
  publisher={清华大学出版社有限公司}
}

@article{H41,
  title={Similarity between the Mandelbrot set and Julia sets},
  author={Lei, Tan},
  journal={Communications in mathematical physics},
  volume={134},
  number={3},
  pages={587--617},
  year={1990},
  publisher={Springer}
}

@book{H42,
  title={The Universal Mandelbrot Set: Beginning of the Story},
  author={Dolotin, Valery and others},
  year={2006},
  publisher={World Scientific}
}

@Misc{H43,
	howpublished = {[Online]},
	note = {\url{https://blog.csdn.net/qq_37928350/article/details/119733375}},
	title = {曼德勃罗集(Mandelbrot Set)},
	author = {Marshall001}
}

@Misc{H44,
	howpublished = {[Online]},
	note = {\url{https://www.math.univ-toulouse.fr/\~cheritat/wiki-draw/index.php/Mandelbrot_set\#cite_ref-3}},
	title = {Mandelbrot set},
	author = {Arnaud Cheritat}
}
